<record><leader>00000cas a2200000 a 4500</leader><controlfield tag="001">9470831</controlfield><controlfield tag="008">830502d18881940iluwr ne      0   b0nor c</controlfield><datafield ind1=" " ind2=" " tag="010"><subfield code="a">sn 83045438 </subfield></datafield><datafield ind1=" " ind2=" " tag="040"><subfield code="a">CRL</subfield><subfield code="b">eng</subfield><subfield code="c">CRL</subfield><subfield code="d">NPW</subfield><subfield code="d">NPV</subfield><subfield code="d">MN#</subfield><subfield code="d">OCL</subfield><subfield code="d">NVF</subfield><subfield code="d">OCL</subfield><subfield code="d">CRL</subfield><subfield code="d">OCLCQ</subfield><subfield code="d">NVF</subfield><subfield code="d">OCLCQ</subfield><subfield code="d">OCLCF</subfield><subfield code="d">OCLCO</subfield></datafield><datafield ind1=" " ind2=" " tag="012"><subfield code="b">3</subfield></datafield><datafield ind1=" " ind2=" " tag="019"><subfield code="a">1567065</subfield></datafield><datafield ind1="0" ind2=" " tag="041"><subfield code="a">nor</subfield><subfield code="a">eng</subfield></datafield><datafield ind1=" " ind2=" " tag="042"><subfield code="a">pcc</subfield></datafield><datafield ind1=" " ind2=" " tag="043"><subfield code="a">n-us---</subfield></datafield><datafield ind1=" " ind2=" " tag="052"><subfield code="a">4144</subfield><subfield code="b">D9</subfield></datafield><datafield ind1=" " ind2=" " tag="052"><subfield code="a">4143</subfield><subfield code="b">S2</subfield></datafield><datafield ind1="0" ind2=" " tag="130"><subfield code="a">Scandia (Duluth, Minn.)</subfield></datafield><datafield ind1="1" ind2="0" tag="245"><subfield code="a">Scandia.</subfield></datafield><datafield ind1="3" ind2="1" tag="246"><subfield code="a">American Scandinavian news</subfield><subfield code="f">Jan. 26, 1939-May 16, 1940</subfield></datafield><datafield ind1=" " ind2=" " tag="260"><subfield code="a">Duluth, Minn. ;</subfield><subfield code="a">Superior, Wis. :</subfield><subfield code="b">Anton B. Lange,</subfield><subfield code="c">1888-1940.</subfield></datafield><datafield ind1=" " ind2=" " tag="300"><subfield code="a">v. ;</subfield><subfield code="c">42-56 cm.</subfield></datafield><datafield ind1=" " ind2=" " tag="310"><subfield code="a">Weekly,</subfield><subfield code="b">&lt;Feb. 8, 1940&gt;-May 16, 1940</subfield></datafield><datafield ind1=" " ind2=" " tag="321"><subfield code="a">Weekly,</subfield><subfield code="b">&lt;July 4, 1890-May 4, 1899&gt;</subfield></datafield><datafield ind1=" " ind2=" " tag="321"><subfield code="a">Bimonthly</subfield></datafield><datafield ind1=" " ind2=" " tag="321"><subfield code="a">Weekly,</subfield><subfield code="b">&lt;Sept. 8, 1917&gt;-May 8, 1939</subfield></datafield><datafield ind1=" " ind2=" " tag="321"><subfield code="a">Monthly,</subfield><subfield code="b">May 1939-Jan. 1940</subfield></datafield><datafield ind1="1" ind2=" " tag="362"><subfield code="a">Began in Jan. 1888? Cf. The immigrant labor press in North America, 1840s-1970s.</subfield></datafield><datafield ind1="0" ind2=" " tag="362"><subfield code="a">-v. 52, no. 16 (May 16, 1940).</subfield></datafield><datafield ind1=" " ind2=" " tag="500"><subfield code="a">"Norwegian weekly", Sept. 4, 1930-Feb. 10, 1938; "Norwegian-American weekly", Feb. 24, 1938-Jan. 19, 1939.</subfield></datafield><datafield ind1=" " ind2=" " tag="500"><subfield code="a">Published in Chicago, Ill., May 11, 1899-May 16, 1940.</subfield></datafield><datafield ind1=" " ind2=" " tag="515"><subfield code="a">Issues for July 6, 1918-May 16, 1940 also carry whole numbering: 1534-5111.</subfield></datafield><datafield ind1=" " ind2=" " tag="530"><subfield code="a">Also issued on microfilm from the Minnesota Historical Society and Hytone Film Labs Inc.</subfield></datafield><datafield ind1=" " ind2=" " tag="546"><subfield code="a">In Norwegian, &lt;July 4, 1890&gt;-June 8, 1939; in English, June 29, 1939-May 16, 1940.</subfield></datafield><datafield ind1=" " ind2=" " tag="588"><subfield code="a">Description based on: 2den aarg., no. 27 (4de juli 1890).</subfield></datafield><datafield ind1=" " ind2="0" tag="650"><subfield code="a">Norwegians</subfield><subfield code="z">United States</subfield><subfield code="v">Newspapers.</subfield></datafield><datafield ind1=" " ind2="7" tag="655"><subfield code="a">Newspapers.</subfield><subfield code="2">fast</subfield><subfield code="0">(OCoLC)fst01423814</subfield></datafield><datafield ind1=" " ind2="7" tag="650"><subfield code="a">Norwegians.</subfield><subfield code="2">fast</subfield><subfield code="0">(OCoLC)fst01039481</subfield></datafield><datafield ind1=" " ind2="7" tag="651"><subfield code="a">United States.</subfield><subfield code="2">fast</subfield><subfield code="0">(OCoLC)fst01204155</subfield></datafield><datafield ind1=" " ind2=" " tag="752"><subfield code="a">United States</subfield><subfield code="b">Illinois</subfield><subfield code="c">Cook</subfield><subfield code="d">Chicago.</subfield></datafield><datafield ind1=" " ind2=" " tag="752"><subfield code="a">United States</subfield><subfield code="b">Minnesota</subfield><subfield code="c">Saint Louis</subfield><subfield code="d">Duluth.</subfield></datafield><datafield ind1=" " ind2=" " tag="752"><subfield code="a">United States</subfield><subfield code="b">Wisconsin</subfield><subfield code="c">Douglas</subfield><subfield code="d">Superior.</subfield></datafield></record>